%YAML 1.1
%TAG !u! tag:unity3d.com,2011:
--- !u!1001 &100100000
Prefab:
  m_ObjectHideFlags: 1
  serializedVersion: 2
  m_Modification:
    m_TransformParent: {fileID: 0}
    m_Modifications: []
    m_RemovedComponents: []
  m_ParentPrefab: {fileID: 0}
  m_RootGameObject: {fileID: 1422122022844380}
  m_IsPrefabParent: 1
--- !u!1 &1000923006973458
GameObject:
  m_ObjectHideFlags: 1
  m_PrefabParentObject: {fileID: 0}
  m_PrefabInternal: {fileID: 100100000}
  serializedVersion: 5
  m_Component:
  - component: {fileID: 4765566322953028}
  - component: {fileID: 114078448875581318}
  m_Layer: 0
  m_Name: bot_pooler
  m_TagString: Untagged
  m_Icon: {fileID: 0}
  m_NavMeshLayer: 0
  m_StaticEditorFlags: 0
  m_IsActive: 1
--- !u!1 &1087069957555970
GameObject:
  m_ObjectHideFlags: 0
  m_PrefabParentObject: {fileID: 0}
  m_PrefabInternal: {fileID: 100100000}
  serializedVersion: 5
  m_Component:
  - component: {fileID: 4766252617897836}
  - component: {fileID: 114319735887041808}
  - component: {fileID: 114886510103056362}
  m_Layer: 0
  m_Name: SUPPLYxSPECIAL_TILES_MANAGER
  m_TagString: Untagged
  m_Icon: {fileID: 0}
  m_NavMeshLayer: 0
  m_StaticEditorFlags: 0
  m_IsActive: 1
--- !u!1 &1118301687324910
GameObject:
  m_ObjectHideFlags: 1
  m_PrefabParentObject: {fileID: 0}
  m_PrefabInternal: {fileID: 100100000}
  serializedVersion: 5
  m_Component:
  - component: {fileID: 4184764067755256}
  - component: {fileID: 114064965370332586}
  m_Layer: 0
  m_Name: oreSpark_pooler
  m_TagString: Untagged
  m_Icon: {fileID: 0}
  m_NavMeshLayer: 0
  m_StaticEditorFlags: 0
  m_IsActive: 1
--- !u!1 &1220468410054652
GameObject:
  m_ObjectHideFlags: 0
  m_PrefabParentObject: {fileID: 0}
  m_PrefabInternal: {fileID: 100100000}
  serializedVersion: 5
  m_Component:
  - component: {fileID: 4023908538711814}
  - component: {fileID: 114424834622893304}
  m_Layer: 0
  m_Name: _SUPPLY_BOX_POOLER
  m_TagString: Untagged
  m_Icon: {fileID: 0}
  m_NavMeshLayer: 0
  m_StaticEditorFlags: 0
  m_IsActive: 1
--- !u!1 &1422122022844380
GameObject:
  m_ObjectHideFlags: 0
  m_PrefabParentObject: {fileID: 0}
  m_PrefabInternal: {fileID: 100100000}
  serializedVersion: 5
  m_Component:
  - component: {fileID: 4830203372272828}
  - component: {fileID: 114945923048941338}
  - component: {fileID: 114324728778573990}
  - component: {fileID: 114359087484960766}
  - component: {fileID: 114080044776171674}
  m_Layer: 0
  m_Name: TAP_MANAGER
  m_TagString: Untagged
  m_Icon: {fileID: 0}
  m_NavMeshLayer: 0
  m_StaticEditorFlags: 0
  m_IsActive: 1
--- !u!1 &1441107207347400
GameObject:
  m_ObjectHideFlags: 1
  m_PrefabParentObject: {fileID: 0}
  m_PrefabInternal: {fileID: 100100000}
  serializedVersion: 5
  m_Component:
  - component: {fileID: 4219506542812852}
  - component: {fileID: 114230340998132172}
  m_Layer: 0
  m_Name: explode_pooler
  m_TagString: Untagged
  m_Icon: {fileID: 0}
  m_NavMeshLayer: 0
  m_StaticEditorFlags: 0
  m_IsActive: 1
--- !u!1 &1474838989116382
GameObject:
  m_ObjectHideFlags: 1
  m_PrefabParentObject: {fileID: 0}
  m_PrefabInternal: {fileID: 100100000}
  serializedVersion: 5
  m_Component:
  - component: {fileID: 4846421453989052}
  - component: {fileID: 114081568594420314}
  m_Layer: 0
  m_Name: select_pooler
  m_TagString: Untagged
  m_Icon: {fileID: 0}
  m_NavMeshLayer: 0
  m_StaticEditorFlags: 0
  m_IsActive: 1
--- !u!1 &1492941721836196
GameObject:
  m_ObjectHideFlags: 0
  m_PrefabParentObject: {fileID: 0}
  m_PrefabInternal: {fileID: 100100000}
  serializedVersion: 5
  m_Component:
  - component: {fileID: 4408087147305886}
  - component: {fileID: 114859134413836210}
  m_Layer: 0
  m_Name: _SPECIAL_TILES_POOLER_ORE
  m_TagString: Untagged
  m_Icon: {fileID: 0}
  m_NavMeshLayer: 0
  m_StaticEditorFlags: 0
  m_IsActive: 1
--- !u!1 &1577217463983424
GameObject:
  m_ObjectHideFlags: 0
  m_PrefabParentObject: {fileID: 0}
  m_PrefabInternal: {fileID: 100100000}
  serializedVersion: 5
  m_Component:
  - component: {fileID: 4932557634101438}
  - component: {fileID: 114221107379972158}
  m_Layer: 0
  m_Name: _SPECIAL_TILES_POOLER_BOMB
  m_TagString: Untagged
  m_Icon: {fileID: 0}
  m_NavMeshLayer: 0
  m_StaticEditorFlags: 0
  m_IsActive: 1
--- !u!1 &1605226073533132
GameObject:
  m_ObjectHideFlags: 1
  m_PrefabParentObject: {fileID: 0}
  m_PrefabInternal: {fileID: 100100000}
  serializedVersion: 5
  m_Component:
  - component: {fileID: 4527317323042146}
  - component: {fileID: 114662857994166116}
  m_Layer: 0
  m_Name: text_pooler
  m_TagString: Untagged
  m_Icon: {fileID: 0}
  m_NavMeshLayer: 0
  m_StaticEditorFlags: 0
  m_IsActive: 1
--- !u!1 &1627497960276472
GameObject:
  m_ObjectHideFlags: 0
  m_PrefabParentObject: {fileID: 0}
  m_PrefabInternal: {fileID: 100100000}
  serializedVersion: 5
  m_Component:
  - component: {fileID: 4733374214670214}
  - component: {fileID: 114854766132586940}
  m_Layer: 0
  m_Name: UI_FX_MANAGER
  m_TagString: Untagged
  m_Icon: {fileID: 0}
  m_NavMeshLayer: 0
  m_StaticEditorFlags: 0
  m_IsActive: 1
--- !u!4 &4023908538711814
Transform:
  m_ObjectHideFlags: 1
  m_PrefabParentObject: {fileID: 0}
  m_PrefabInternal: {fileID: 100100000}
  m_GameObject: {fileID: 1220468410054652}
  m_LocalRotation: {x: -0, y: -0, z: -0, w: 1}
  m_LocalPosition: {x: 126, y: 252, z: 0}
  m_LocalScale: {x: 1, y: 1, z: 1}
  m_Children: []
  m_Father: {fileID: 4830203372272828}
  m_RootOrder: 3
  m_LocalEulerAnglesHint: {x: 0, y: 0, z: 0}
--- !u!4 &4184764067755256
Transform:
  m_ObjectHideFlags: 1
  m_PrefabParentObject: {fileID: 0}
  m_PrefabInternal: {fileID: 100100000}
  m_GameObject: {fileID: 1118301687324910}
  m_LocalRotation: {x: -0, y: -0, z: -0, w: 1}
  m_LocalPosition: {x: 0, y: 0, z: 0}
  m_LocalScale: {x: 1, y: 1, z: 1}
  m_Children: []
  m_Father: {fileID: 4733374214670214}
  m_RootOrder: 2
  m_LocalEulerAnglesHint: {x: 0, y: 0, z: 0}
--- !u!4 &4219506542812852
Transform:
  m_ObjectHideFlags: 1
  m_PrefabParentObject: {fileID: 0}
  m_PrefabInternal: {fileID: 100100000}
  m_GameObject: {fileID: 1441107207347400}
  m_LocalRotation: {x: -0, y: -0, z: -0, w: 1}
  m_LocalPosition: {x: 0, y: 0, z: 0}
  m_LocalScale: {x: 1, y: 1, z: 1}
  m_Children: []
  m_Father: {fileID: 4733374214670214}
  m_RootOrder: 0
  m_LocalEulerAnglesHint: {x: 0, y: 0, z: 0}
--- !u!4 &4408087147305886
Transform:
  m_ObjectHideFlags: 1
  m_PrefabParentObject: {fileID: 0}
  m_PrefabInternal: {fileID: 100100000}
  m_GameObject: {fileID: 1492941721836196}
  m_LocalRotation: {x: -0, y: -0, z: -0, w: 1}
  m_LocalPosition: {x: 126, y: 252, z: 0}
  m_LocalScale: {x: 1, y: 1, z: 1}
  m_Children: []
  m_Father: {fileID: 4830203372272828}
  m_RootOrder: 2
  m_LocalEulerAnglesHint: {x: 0, y: 0, z: 0}
--- !u!4 &4527317323042146
Transform:
  m_ObjectHideFlags: 1
  m_PrefabParentObject: {fileID: 0}
  m_PrefabInternal: {fileID: 100100000}
  m_GameObject: {fileID: 1605226073533132}
  m_LocalRotation: {x: -0, y: -0, z: -0, w: 1}
  m_LocalPosition: {x: 0, y: 0, z: 0}
  m_LocalScale: {x: 1, y: 1, z: 1}
  m_Children: []
  m_Father: {fileID: 4733374214670214}
  m_RootOrder: 4
  m_LocalEulerAnglesHint: {x: 0, y: 0, z: 0}
--- !u!4 &4733374214670214
Transform:
  m_ObjectHideFlags: 1
  m_PrefabParentObject: {fileID: 0}
  m_PrefabInternal: {fileID: 100100000}
  m_GameObject: {fileID: 1627497960276472}
  m_LocalRotation: {x: -0, y: -0, z: -0, w: 1}
  m_LocalPosition: {x: 0.66688234, y: 0.7415245, z: 0}
  m_LocalScale: {x: 1, y: 1, z: 1}
  m_Children:
  - {fileID: 4219506542812852}
  - {fileID: 4765566322953028}
  - {fileID: 4184764067755256}
  - {fileID: 4846421453989052}
  - {fileID: 4527317323042146}
  m_Father: {fileID: 4830203372272828}
  m_RootOrder: 4
  m_LocalEulerAnglesHint: {x: 0, y: 0, z: 0}
--- !u!4 &4765566322953028
Transform:
  m_ObjectHideFlags: 1
  m_PrefabParentObject: {fileID: 0}
  m_PrefabInternal: {fileID: 100100000}
  m_GameObject: {fileID: 1000923006973458}
  m_LocalRotation: {x: -0, y: -0, z: -0, w: 1}
  m_LocalPosition: {x: 0, y: 0, z: 0}
  m_LocalScale: {x: 1, y: 1, z: 1}
  m_Children: []
  m_Father: {fileID: 4733374214670214}
  m_RootOrder: 1
  m_LocalEulerAnglesHint: {x: 0, y: 0, z: 0}
--- !u!4 &4766252617897836
Transform:
  m_ObjectHideFlags: 1
  m_PrefabParentObject: {fileID: 0}
  m_PrefabInternal: {fileID: 100100000}
  m_GameObject: {fileID: 1087069957555970}
  m_LocalRotation: {x: -0, y: -0, z: -0, w: 1}
  m_LocalPosition: {x: 126, y: 252, z: 0}
  m_LocalScale: {x: 1, y: 1, z: 1}
  m_Children: []
  m_Father: {fileID: 4830203372272828}
  m_RootOrder: 0
  m_LocalEulerAnglesHint: {x: 0, y: 0, z: 0}
--- !u!4 &4830203372272828
Transform:
  m_ObjectHideFlags: 1
  m_PrefabParentObject: {fileID: 0}
  m_PrefabInternal: {fileID: 100100000}
  m_GameObject: {fileID: 1422122022844380}
  m_LocalRotation: {x: 0, y: 0, z: 0, w: 1}
  m_LocalPosition: {x: 0, y: 0, z: 0}
  m_LocalScale: {x: 1, y: 1, z: 1}
  m_Children:
  - {fileID: 4766252617897836}
  - {fileID: 4932557634101438}
  - {fileID: 4408087147305886}
  - {fileID: 4023908538711814}
  - {fileID: 4733374214670214}
  m_Father: {fileID: 0}
  m_RootOrder: 0
  m_LocalEulerAnglesHint: {x: 0, y: 0, z: 0}
--- !u!4 &4846421453989052
Transform:
  m_ObjectHideFlags: 1
  m_PrefabParentObject: {fileID: 0}
  m_PrefabInternal: {fileID: 100100000}
  m_GameObject: {fileID: 1474838989116382}
  m_LocalRotation: {x: 0, y: 0, z: 0, w: 1}
  m_LocalPosition: {x: 0, y: 0, z: 0}
  m_LocalScale: {x: 1, y: 1, z: 1}
  m_Children: []
  m_Father: {fileID: 4733374214670214}
  m_RootOrder: 3
  m_LocalEulerAnglesHint: {x: 0, y: 0, z: 0}
--- !u!4 &4932557634101438
Transform:
  m_ObjectHideFlags: 1
  m_PrefabParentObject: {fileID: 0}
  m_PrefabInternal: {fileID: 100100000}
  m_GameObject: {fileID: 1577217463983424}
  m_LocalRotation: {x: -0, y: -0, z: -0, w: 1}
  m_LocalPosition: {x: 126, y: 252, z: 0}
  m_LocalScale: {x: 1, y: 1, z: 1}
  m_Children: []
  m_Father: {fileID: 4830203372272828}
  m_RootOrder: 1
  m_LocalEulerAnglesHint: {x: 0, y: 0, z: 0}
--- !u!114 &114064965370332586
MonoBehaviour:
  m_ObjectHideFlags: 1
  m_PrefabParentObject: {fileID: 0}
  m_PrefabInternal: {fileID: 100100000}
  m_GameObject: {fileID: 1118301687324910}
  m_Enabled: 1
  m_EditorHideFlags: 0
  m_Script: {fileID: 11500000, guid: ed38c1f0ed7b80d47ac3b903254aa17c, type: 3}
  m_Name: 
  m_EditorClassIdentifier: 
  objLst: []
--- !u!114 &114078448875581318
MonoBehaviour:
  m_ObjectHideFlags: 1
  m_PrefabParentObject: {fileID: 0}
  m_PrefabInternal: {fileID: 100100000}
  m_GameObject: {fileID: 1000923006973458}
  m_Enabled: 1
  m_EditorHideFlags: 0
  m_Script: {fileID: 11500000, guid: ed38c1f0ed7b80d47ac3b903254aa17c, type: 3}
  m_Name: 
  m_EditorClassIdentifier: 
  objLst: []
--- !u!114 &114080044776171674
MonoBehaviour:
  m_ObjectHideFlags: 1
  m_PrefabParentObject: {fileID: 0}
  m_PrefabInternal: {fileID: 100100000}
  m_GameObject: {fileID: 1422122022844380}
  m_Enabled: 1
  m_EditorHideFlags: 0
  m_Script: {fileID: 11500000, guid: 33435b444abbf944f979ad94c78dd368, type: 3}
  m_Name: 
  m_EditorClassIdentifier: 
  grayScale: {fileID: 2100000, guid: d44f2b05cb2556944a078af4245e900f, type: 2}
  spritesDefault: {fileID: 10754, guid: 0000000000000000f000000000000000, type: 0}
  image: {fileID: 0}
--- !u!114 &114081568594420314
MonoBehaviour:
  m_ObjectHideFlags: 1
  m_PrefabParentObject: {fileID: 0}
  m_PrefabInternal: {fileID: 100100000}
  m_GameObject: {fileID: 1474838989116382}
  m_Enabled: 1
  m_EditorHideFlags: 0
  m_Script: {fileID: 11500000, guid: ed38c1f0ed7b80d47ac3b903254aa17c, type: 3}
  m_Name: 
  m_EditorClassIdentifier: 
  objLst: []
--- !u!114 &114221107379972158
MonoBehaviour:
  m_ObjectHideFlags: 1
  m_PrefabParentObject: {fileID: 0}
  m_PrefabInternal: {fileID: 100100000}
  m_GameObject: {fileID: 1577217463983424}
  m_Enabled: 1
  m_EditorHideFlags: 0
  m_Script: {fileID: 11500000, guid: ed38c1f0ed7b80d47ac3b903254aa17c, type: 3}
  m_Name: 
  m_EditorClassIdentifier: 
  objLst: []
--- !u!114 &114230340998132172
MonoBehaviour:
  m_ObjectHideFlags: 1
  m_PrefabParentObject: {fileID: 0}
  m_PrefabInternal: {fileID: 100100000}
  m_GameObject: {fileID: 1441107207347400}
  m_Enabled: 1
  m_EditorHideFlags: 0
  m_Script: {fileID: 11500000, guid: ed38c1f0ed7b80d47ac3b903254aa17c, type: 3}
  m_Name: 
  m_EditorClassIdentifier: 
  objLst: []
--- !u!114 &114319735887041808
MonoBehaviour:
  m_ObjectHideFlags: 1
  m_PrefabParentObject: {fileID: 0}
  m_PrefabInternal: {fileID: 100100000}
  m_GameObject: {fileID: 1087069957555970}
  m_Enabled: 1
  m_EditorHideFlags: 0
  m_Script: {fileID: 11500000, guid: ab13edec6e45e254398b3c7fa2f2868a, type: 3}
  m_Name: 
  m_EditorClassIdentifier: 
  bombTile: {fileID: 1625487687056766, guid: 3b26eb675ee54e44fb5777824d58a9a8, type: 2}
  oreTile: {fileID: 1138412853199590, guid: 7927088cc7acfc546b62681c294583b0, type: 2}
  bombPooler: {fileID: 114221107379972158}
  orePooler: {fileID: 114859134413836210}
  refinedOre: {fileID: 21300000, guid: d10efb7716276b044985b5103824ed70, type: 3}
--- !u!114 &114324728778573990
MonoBehaviour:
  m_ObjectHideFlags: 1
  m_PrefabParentObject: {fileID: 0}
  m_PrefabInternal: {fileID: 100100000}
  m_GameObject: {fileID: 1422122022844380}
  m_Enabled: 1
  m_EditorHideFlags: 0
  m_Script: {fileID: 11500000, guid: 47e10b625e053b745b18f3a615c7c727, type: 3}
  m_Name: 
  m_EditorClassIdentifier: 
  mechTile: {fileID: 1905795490780940, guid: e9c4664ea461b9f4982587d7abaa7126, type: 2}
  tilePooler: {fileID: 114359087484960766}
  mechToAssemble: 0
  specialTilesMan: {fileID: 114319735887041808}
  supplyBoxMan: {fileID: 114886510103056362}
--- !u!114 &114359087484960766
MonoBehaviour:
  m_ObjectHideFlags: 1
  m_PrefabParentObject: {fileID: 0}
  m_PrefabInternal: {fileID: 100100000}
  m_GameObject: {fileID: 1422122022844380}
  m_Enabled: 1
  m_EditorHideFlags: 0
  m_Script: {fileID: 11500000, guid: ed38c1f0ed7b80d47ac3b903254aa17c, type: 3}
  m_Name: 
  m_EditorClassIdentifier: 
  objLst: []
--- !u!114 &114424834622893304
MonoBehaviour:
  m_ObjectHideFlags: 1
  m_PrefabParentObject: {fileID: 0}
  m_PrefabInternal: {fileID: 100100000}
  m_GameObject: {fileID: 1220468410054652}
  m_Enabled: 1
  m_EditorHideFlags: 0
  m_Script: {fileID: 11500000, guid: ed38c1f0ed7b80d47ac3b903254aa17c, type: 3}
  m_Name: 
  m_EditorClassIdentifier: 
  objLst: []
--- !u!114 &114662857994166116
MonoBehaviour:
  m_ObjectHideFlags: 1
  m_PrefabParentObject: {fileID: 0}
  m_PrefabInternal: {fileID: 100100000}
  m_GameObject: {fileID: 1605226073533132}
  m_Enabled: 1
  m_EditorHideFlags: 0
  m_Script: {fileID: 11500000, guid: 6985b40f871038740955c66705f755b7, type: 3}
  m_Name: 
  m_EditorClassIdentifier: 
  objLst: []
--- !u!114 &114854766132586940
MonoBehaviour:
  m_ObjectHideFlags: 1
  m_PrefabParentObject: {fileID: 0}
  m_PrefabInternal: {fileID: 100100000}
  m_GameObject: {fileID: 1627497960276472}
  m_Enabled: 1
  m_EditorHideFlags: 0
  m_Script: {fileID: 11500000, guid: c6dcc6f0fb2421240b06bc47688d7636, type: 3}
  m_Name: 
  m_EditorClassIdentifier: 
  fx_explosion: {fileID: 1998137087244016, guid: 8055616e0c5336d458f4b707697c4167,
    type: 2}
  fx_botSpark: {fileID: 1258259936659366, guid: 91856c989bbd99147bf973a9be56a534,
    type: 2}
  fx_oreSpark: {fileID: 1568608282704134, guid: 251c1a3a5bd3ba1499b462f7325337e3,
    type: 2}
  fx_select: {fileID: 1350055053117280, guid: f4781f7d9ed97d949950b7d1ad5aeb46, type: 2}
  fx_textScore: {fileID: 1868275937343394, guid: 149fdba7f9e5f51479587aa8fd817f5b,
    type: 2}
  explodePooler: {fileID: 114230340998132172}
  botPooler: {fileID: 114078448875581318}
  oreSparkPooler: {fileID: 114064965370332586}
  selectPooler: {fileID: 114081568594420314}
  textScorePooler: {fileID: 114662857994166116}
--- !u!114 &114859134413836210
MonoBehaviour:
  m_ObjectHideFlags: 1
  m_PrefabParentObject: {fileID: 0}
  m_PrefabInternal: {fileID: 100100000}
  m_GameObject: {fileID: 1492941721836196}
  m_Enabled: 1
  m_EditorHideFlags: 0
  m_Script: {fileID: 11500000, guid: ed38c1f0ed7b80d47ac3b903254aa17c, type: 3}
  m_Name: 
  m_EditorClassIdentifier: 
  objLst: []
--- !u!114 &114886510103056362
MonoBehaviour:
  m_ObjectHideFlags: 1
  m_PrefabParentObject: {fileID: 0}
  m_PrefabInternal: {fileID: 100100000}
  m_GameObject: {fileID: 1087069957555970}
  m_Enabled: 1
  m_EditorHideFlags: 0
  m_Script: {fileID: 11500000, guid: 22113f62ad3112c4e870e898905f5f6d, type: 3}
  m_Name: 
  m_EditorClassIdentifier: 
  supplyBox: {fileID: 1949078812762656, guid: 6209046e5e71684498cefd2cab3a8a19, type: 2}
  supplyPooler: {fileID: 114424834622893304}
  lstSprite:
  - {fileID: 21300000, guid: 2ba471a98e80ccb408ce4cbd1c33ad37, type: 3}
  - {fileID: 21300000, guid: e26d81ff0c6360a4f8d89e7987e73fcc, type: 3}
  - {fileID: 21300000, guid: d0926435cf2f67443a59c0dbf31ae6be, type: 3}
  - {fileID: 21300000, guid: 76053e0c4a0a4694095c6b89638cc15e, type: 3}
  - {fileID: 21300000, guid: 441f63a3fc24cb748ad612b10398e316, type: 3}
--- !u!114 &114945923048941338
MonoBehaviour:
  m_ObjectHideFlags: 1
  m_PrefabParentObject: {fileID: 0}
  m_PrefabInternal: {fileID: 100100000}
  m_GameObject: {fileID: 1422122022844380}
  m_Enabled: 1
  m_EditorHideFlags: 0
  m_Script: {fileID: 11500000, guid: e808219ff38ef7b4387dfa50bd561594, type: 3}
  m_Name: 
  m_EditorClassIdentifier: 
  spawner: {fileID: 114324728778573990}
  mechToAssemble: 1
  nextMechToAssemble: 1
  arrMechToAssemble: 
  lstMissedPartIndex: 
  currentMissedPartIndex: 0
  mechPartToTap: 0
  lstMech_0_Sprite:
  - {fileID: 21300000, guid: b58e58d473a694a489f34fe3048a260c, type: 3}
  - {fileID: 21300000, guid: a155e37da73753047acce36573051591, type: 3}
  - {fileID: 21300000, guid: 6aa6b0fc890d15b4faf2faf2144a9bc9, type: 3}
  - {fileID: 21300000, guid: 12c852db17acd404b958dd9e41fdb880, type: 3}
  lstMech_1_Sprite:
  - {fileID: 21300000, guid: a10b798198a50f8498509858aeef0d49, type: 3}
  - {fileID: 21300000, guid: ea53156232e74d74b83610303ae95119, type: 3}
  - {fileID: 21300000, guid: 7b35174c56dc1524282bc56eb4bc563a, type: 3}
  - {fileID: 21300000, guid: aed30fe3bc0c3374cbfc91a88be46cb6, type: 3}
  lstMech_2_Sprite:
  - {fileID: 21300000, guid: 22f39b6e3481af7489245f616fda2975, type: 3}
  - {fileID: 21300000, guid: ae332f9dfb372b64fac51e21ae6c03bf, type: 3}
  - {fileID: 21300000, guid: 3470014b642b3c24f946eb86c93ed66f, type: 3}
  - {fileID: 21300000, guid: e482172ca49dc8a4e8f836a986c30379, type: 3}
  - {fileID: 21300000, guid: d37baa91ea821274aa207ad70cb012ee, type: 3}
  lstMech_3_Sprite:
  - {fileID: 21300000, guid: 5b22a1ce96065bb41a0d324e2473519d, type: 3}
  - {fileID: 21300000, guid: ebcbc81e4732aac4fa0863c84319d63a, type: 3}
  - {fileID: 21300000, guid: 47db5adc92515f049827a7529a91b1fa, type: 3}
  - {fileID: 21300000, guid: 3e4eb8944285d5c4e8fe699256838611, type: 3}
  lstMech_4_Sprite:
  - {fileID: 21300000, guid: abf481550c117aa4db7769de47004838, type: 3}
  - {fileID: 21300000, guid: d9ee2d6a89f43e4409c63ded9e9b8201, type: 3}
  - {fileID: 21300000, guid: 39d58758ccc867a49985b75c4f823427, type: 3}
  - {fileID: 21300000, guid: 46b6e1963e2611f40ae9bc58434ffdc6, type: 3}
  - {fileID: 21300000, guid: 4c5f2a61d7b2d274192e92a6d41fb4b7, type: 3}
  - {fileID: 21300000, guid: b889010f923831b439201d91e5b0ec7d, type: 3}
  - {fileID: 21300000, guid: faed99f08f323554eb8ecbd3bdf1bea2, type: 3}
  lstMech_5_Sprite:
  - {fileID: 21300000, guid: ea219fbb455cee84a94a3bb1eae77cc4, type: 3}
  - {fileID: 21300000, guid: f114c0c50d61e564eb6d887013886b48, type: 3}
  - {fileID: 21300000, guid: 9d81f2753478c6345ad13791c5d1a822, type: 3}
  - {fileID: 21300000, guid: a9a8d635720d88942b722a691735079a, type: 3}
  lstMech_6_Sprite:
  - {fileID: 21300000, guid: 1383b330e671747449c21e70499b5f26, type: 3}
  - {fileID: 21300000, guid: 4e13099097e0ffa4d96498931fa0b2f9, type: 3}
  - {fileID: 21300000, guid: 22d6a98bea63f2640a0159ce090b1546, type: 3}
  - {fileID: 21300000, guid: 7b72b6fafa54deb48b6b8fd9a0cfde18, type: 3}
  - {fileID: 21300000, guid: c67bba624fe4ef549a29aec2fcd3ecb2, type: 3}
  - {fileID: 21300000, guid: 6fcaadc6d1187c64ea5d751d5df47f51, type: 3}
  lstMech_7_Sprite:
  - {fileID: 21300000, guid: 338539a67f560f14c964c29956766c51, type: 3}
  - {fileID: 21300000, guid: 4ad2213d665826b4cacc6fcb281ec1cc, type: 3}
  - {fileID: 21300000, guid: cce3dd6cce012714090b44b5fbd1ab20, type: 3}
  - {fileID: 21300000, guid: 75c5800e58b95554083fce41c1816d7a, type: 3}
  lstMech_8_Sprite:
  - {fileID: 21300000, guid: f84c0833154ab9744866c1e7c036fa44, type: 3}
  - {fileID: 21300000, guid: 0e603de4f3ca9754181a37594733de0c, type: 3}
  - {fileID: 21300000, guid: 89388db3928eb8940b1e55d3d08472e5, type: 3}
  - {fileID: 21300000, guid: 0892296ccb1c22f40847913dc631b4b7, type: 3}
  - {fileID: 21300000, guid: 1ac422e446eef024fb97391097667943, type: 3}
  lstMech_9_Sprite:
  - {fileID: 21300000, guid: 751af8b91ce83af4b9e1b3f67cd680a2, type: 3}
  - {fileID: 21300000, guid: e5a0660645ea4ce4aa881955e535b930, type: 3}
  - {fileID: 21300000, guid: 641692f33b5e78a4bb3b26d8bb041abe, type: 3}
  - {fileID: 21300000, guid: 8b063a3b05f6aab4eb5625cf9fca6d9e, type: 3}
  - {fileID: 21300000, guid: 485dc7ff12e1c614c9d4ca55124da28f, type: 3}
  - {fileID: 21300000, guid: 14825834be46cd34e9fa5eb26678ad3f, type: 3}
  mechSequence: 0
